@article{zart,
  title={Network inference and community detection, based on covariance matrices, correlations and test statistics from arbitrary distributions},
  author={Bartlett, Thomas E},
  journal={Communications in Statistics-Theory and Methods},
  number={just-accepted},
  year={2016},
  publisher={Taylor \& Francis}
}

@incollection{fuchs2007beamforming,
  title={Beamforming and its applications to brain connectivity},
  author={Fuchs, Armin},
  booktitle={Handbook of Brain Connectivity},
  pages={357--378},
  year={2007},
  publisher={Springer}
}

@article{haddad2014human,
  title={Human brain networks: spiking neuron models, multistability, synchronization, thermodynamics, maximum entropy production, and anesthetic cascade mechanisms},
  author={Haddad, Wassim M and Hui, Qing and Bailey, James M},
  journal={Entropy},
  volume={16},
  number={7},
  pages={3939--4003},
  year={2014},
  publisher={Multidisciplinary Digital Publishing Institute}
}

@article{jalili2011constructing,
  title={Constructing brain functional networks from EEG: partial and unpartial correlations},
  author={Jalili, Mahdi and Knyazeva, Maria G},
  journal={Journal of integrative neuroscience},
  volume={10},
  number={02},
  pages={213--232},
  year={2011},
  publisher={World Scientific}
}

@article{kuhlmann2013modulation,
  title={Modulation of functional EEG networks by the NMDA antagonist nitrous oxide},
  author={Kuhlmann, Levin and Foster, Brett L and Liley, David TJ},
  journal={PloS one},
  volume={8},
  number={2},
  pages={e56434},
  year={2013},
  publisher={Public Library of Science}
}

@article{lee2013reconfiguration,
  title={Reconfiguration of network hub structure after propofol-induced unconsciousness},
  author={Lee, Heonsoo and Mashour, George A and Noh, Gyu-Jeong and Kim, Seunghwan and Lee, UnCheol},
  journal={The Journal of the American Society of Anesthesiologists},
  volume={119},
  number={6},
  pages={1347--1359},
  year={2013},
  publisher={The American Society of Anesthesiologists}
}

@article{koch2016neural,
  title={Neural correlates of consciousness: progress and problems},
  author={Koch, Christof and Massimini, Marcello and Boly, Melanie and Tononi, Giulio},
  journal={Nature Reviews Neuroscience},
  volume={17},
  number={5},
  pages={307--321},
  year={2016},
  publisher={Nature Publishing Group}
}

@article{shine2016dynamics,
  title={The Dynamics of Functional Brain Networks: Integrated Network States during Cognitive Task Performance},
  author={Shine, James M and Bissett, Patrick G and Bell, Peter T and Koyejo, Oluwasanmi and Balsters, Joshua H and Gorgolewski, Krzysztof J and Moodie, Craig A and Poldrack, Russell A},
  journal={Neuron},
  volume={92},
  number={2},
  pages={544--554},
  year={2016},
  publisher={Elsevier}
}

@article{shine2015estimation,
  title={Estimation of dynamic functional connectivity using Multiplication of Temporal Derivatives},
  author={Shine, James M and Koyejo, Oluwasanmi and Bell, Peter T and Gorgolewski, Krzysztof J and Gilat, Moran and Poldrack, Russell A},
  journal={NeuroImage},
  volume={122},
  pages={399--407},
  year={2015},
  publisher={Elsevier}
}

@article{von2006tutorial,
  title={A tutorial on spectral clustering. Max Planck Institute for Biological Cybernetics},
  author={Von Luxburg, Ulrike},
  journal={Tech Rep},
  year={2006}
}

@article{jalili2016functional,
  title={Functional brain networks: does the choice of dependency estimator and binarization method matter?},
  author={Jalili, Mahdi},
  journal={Scientific Reports},
  volume={6},
  year={2016},
  publisher={Nature Publishing Group}
}

@article{zalesky2012use,
  title={On the use of correlation as a measure of network connectivity},
  author={Zalesky, Andrew and Fornito, Alex and Bullmore, Ed},
  journal={Neuroimage},
  volume={60},
  number={4},
  pages={2096--2106},
  year={2012},
  publisher={Elsevier}
}

@article{stanley2013defining,
  title={Defining nodes in complex brain networks},
  author={Stanley, Matthew Lawrence and Moussa, Malaak Nasser and Paolini, Brielle and Lyday, Robert Gray and Burdette, Jonathan H and Laurienti, Paul J},
  journal={Frontiers in computational neuroscience},
  volume={7},
  pages={169},
  year={2013},
  publisher={Frontiers}
}

@article{fornito2013graph,
  title={Graph analysis of the human connectome: promise, progress, and pitfalls},
  author={Fornito, Alex and Zalesky, Andrew and Breakspear, Michael},
  journal={Neuroimage},
  volume={80},
  pages={426--444},
  year={2013},
  publisher={Elsevier}
}

@article{albert2002statistical,
  title={Statistical mechanics of complex networks},
  author={Albert, R{\'e}ka and Barab{\'a}si, Albert-L{\'a}szl{\'o}},
  journal={Reviews of modern physics},
  volume={74},
  number={1},
  pages={47},
  year={2002},
  publisher={APS}
}

@article{gastner2016topology,
  title={The topology of large Open Connectome networks for the human brain},
  author={Gastner, Michael T and {\'O}dor, G{\'e}za},
  journal={Scientific reports},
  volume={6},
  year={2016},
  publisher={Nature Publishing Group}
}

@article{bullmore2012economy,
  title={The economy of brain network organization},
  author={Bullmore, Ed and Sporns, Olaf},
  journal={Nature Reviews Neuroscience},
  volume={13},
  number={5},
  pages={336--349},
  year={2012},
  publisher={Nature Publishing Group}
}

@book{mackay2003information,
  title={Information theory, inference and learning algorithms},
  author={MacKay, David JC},
  year={2003},
  publisher={Cambridge university press}
}